@inproceedings{Zimmerer2015,
author = {Zimmerer, Frank and Trouvain, J\"{u}rgen},
booktitle = {INTERSPEECH 2015},
file = {:Users/Anjana/Dropbox/School/THESIS/Mendeley/Zimmerer, Trouvain - 2015 - Perception of French speakers’ German vowels.pdf:pdf},
mendeley-groups = {Thesis/IFCASL},
title = {{Perception of French speakers’ German vowels}},
year = {submitted}
}
