@inproceedings{Vakil2015,
author = {Vakil, Anjana Sofia and Trouvain, J\"{u}rgen},
booktitle = {SLaTE 2015},
title = {{Automatic classification of lexical stress errors for German CAPT}},
year = {submitted}
}

@Misc{destress,
author =   {Vakil, Anjana Sofia},
title =    {{de-stress}},
howpublished = {\url{http://github.com/vakila/de-stress}},
}

@Misc{jsnoori,
author =   {{LORIA Speech Team}},
title =    {{JSnoori}},
howpublished = {\url{http://jsnoori.loria.fr}},
}